<?xml version = "1.0" encoding = "UTF-8"?>
<x_server_response metalib_version="4.3.1 (602)">
<present_response>
<record xmlns="http://www.loc.gov/MARC21/slim"
xmlns:xsi="http://www.w3.org/2001/XMLSchema-instance"
xsi:schemaLocation="http://www.loc.gov/MARC21/slim
http://www.loc.gov/standards/marcxml/schema/MARC21slim.xsd">
<datafield tag="035" ind1=" " ind2=" ">
<subfield code="a">CN073502017</subfield>
</datafield>
<datafield tag="500" ind1=" " ind2=" ">
<subfield code="a">Held on CD-ROM. Programme held in printed volume; CD also held in e-store (RMS)</subfield>
</datafield>
<datafield tag="546" ind1=" " ind2=" ">
<subfield code="a">English</subfield>
</datafield>
<datafield tag="598" ind1=" " ind2=" ">
<subfield code="b">Papers</subfield>
</datafield>
<controlfield tag="LDR">^^^^^cam^^2200217^^^4500</controlfield>
<controlfield tag="008">^^^^^^^2008</controlfield>
<datafield tag="041" ind1=" " ind2=" ">
<subfield code="a">eng</subfield>
</datafield>
<datafield tag="245" ind1=" " ind2=" ">
<subfield code="a">INTEGRATING GLOBAL WARMING INTO A FRESHMAN ENGINEERING INTRODUCTORY COURSE</subfield>
</datafield>
<datafield tag="653" ind1=" " ind2=" ">
<subfield code="a">Engineering education; ASEE</subfield>
</datafield>
<datafield tag="711" ind1=" " ind2=" ">
<subfield code="a">Annual Conference</subfield>
<subfield code="c">Pittsburgh, PA</subfield>
<subfield code="d">2008; Jun</subfield>
</datafield>
<datafield tag="799" ind1=" " ind2=" ">
<subfield code="s">American Society Engineering Education</subfield>
<subfield code="d">ASEE; 2008</subfield>
<subfield code="g">p. AC 2008-2301</subfield>
</datafield>
<datafield tag="936" ind1=" " ind2=" ">
<subfield code="0">English</subfield>
</datafield>
<datafield tag="945" ind1=" " ind2=" ">
<subfield code="f">art</subfield>
</datafield>
<datafield tag="947" ind1=" " ind2=" ">
<subfield code="p">20090911</subfield>
</datafield>
<datafield tag="949" ind1=" " ind2=" ">
<subfield code="x">o</subfield>
</datafield>
<datafield tag="970" ind1=" " ind2=" ">
<subfield code="w">American Society Engineering Education</subfield>
</datafield>
<datafield tag="980" ind1=" " ind2=" ">
<subfield code="y">Vm09/5462</subfield>
</datafield>
<datafield tag="SID" ind1=" " ind2=" ">
<subfield code="a">Z39</subfield>
<subfield code="b">OCLC_PAPERS</subfield>
<subfield code="d">CAL01686</subfield>
<subfield code="i">595858</subfield>
<subfield code="j">000002</subfield>
<subfield code="s">046827</subfield>
<subfield code="t">PapersFirst</subfield>
</datafield>
<controlfield tag="RAN">099</controlfield>
<datafield tag="YR " ind1=" " ind2=" ">
<subfield code="a">2008</subfield>
</datafield>
<controlfield tag="SET">046827</controlfield>
<controlfield tag="SYS">014119609</controlfield>
<openURL>
<ctx:context-objects xmlns:ctx="info:ofi/fmt:xml:xsd:ctx" xmlns:xsi="http://www.w3.org/2001/XMLSchema-instance" xsi:schemaLocation="info:ofi/fmt:xml:xsd:ctx http://www.openurl.info/registry/docs/info:ofi/fmt:xml:xsd:ctx">
<ctx:context-object timestamp="2004-01-16T12:13:00Z" version="Z39.88-2004" identifier="123">
<ctx:referent>
<ctx:metadata-by-val>
<ctx:format>info:ofi/fmt:xml:xsd</ctx:format>
<ctx:metadata>
<rft:journal xmlns:rft="info:ofi/fmt:xml:xsd" xsi:schemaLocation="info:ofi/fmt:xml:xsd          http://www.openurl.info/registry/docs/info:ofi/fmt:xml:xsd">
<rft:author rank="1">
<rft:aulast></rft:aulast>
<rft:aufirst></rft:aufirst>
<rft:auinit></rft:auinit>
</rft:author>
<rft:atitle>INTEGRATING GLOBAL WARMING INTO A FRESHMAN ENGINEERING INTRODUCTORY COURSE</rft:atitle>
<rft:title></rft:title>
<rft:date>2008</rft:date>
<rft:volume></rft:volume>
<rft:issue></rft:issue>
<rft:spage></rft:spage>
<rft:epage></rft:epage>
<rft:issn></rft:issn>
<ctx:identifier>info:doi/</ctx:identifier>
<rft:sici></rft:sici>
<rft:opid></rft:opid>
</rft:journal>
</ctx:metadata>
</ctx:metadata-by-val>
<ctx:metadata-by-ref>
<ctx:format></ctx:format>
<ctx:location>http://metalib.calstate.edu:8331/X?OP=sfx-get-doc&amp;doc-number=014119609</ctx:location>
</ctx:metadata-by-ref>
</ctx:referent>
<ctx:referrer>
<ctx:identifier>info:sid/metalib.com:OCLC_PAPERS</ctx:identifier>
</ctx:referrer>
</ctx:context-object>
</ctx:context-objects>
</openURL>
</record>
<session_id new_session="N">F3G7F2JVPXXLNCHT5KR37L47476KBD875UD82Y8JHAK972AV92</session_id>
</present_response>
</x_server_response>
 